%% This BibTeX bibliography file was created using BibDesk.
%% http://bibdesk.sourceforge.net/

%% Created for Eshwen Bhal at 2019-05-01 12:21:06 +0100 


%% Saved with string encoding Unicode (UTF-8) 



@article{dmsearcheslhc2015,
	Archiveprefix = {arXiv},
	Author = {Abdallah, Jalal and others},
	Doi = {10.1016/j.dark.2015.08.001},
	Eprint = {1506.03116},
	Journal = {Phys. Dark Univ.},
	Pages = {8-23},
	Primaryclass = {hep-ph},
	Reportnumber = {FERMILAB-PUB-15-283-CD, CERN-PH-TH-2015-139},
	Slaccitation = {%%CITATION = ARXIV:1506.03116;%%},
	Title = {{Simplified Models for Dark Matter Searches at the LHC}},
	Volume = {9-10},
	Year = {2015},
}

@article{dmbenchmarkearlylhcrun2,
	Archiveprefix = {arXiv},
	Author = {Abercrombie, Daniel and others},
	Editor = {Boveia, Antonio and Doglioni, Caterina and Lowette, Steven and Malik, Sarah and Mrenna, Stephen},
	Eprint = {1507.00966},
	Primaryclass = {hep-ex},
	Reportnumber = {FERMILAB-PUB-15-282-CD},
	Slaccitation = {%%CITATION = ARXIV:1507.00966;%%},
	Title = {{Dark Matter Benchmark Models for Early LHC Run-2 Searches: Report of the ATLAS/CMS Dark Matter Forum}},
	Year = {2015}}

@techreport{CMS-PAS-EXO-12-055,
	Address = {Geneva},
	Author = {CMS Collaboration},
	Collaboration = {CMS Collaboration},
	Institution = {CERN},
	Number = {CMS-PAS-EXO-12-055},
	Reportnumber = {CMS-PAS-EXO-12-055},
	Title = {{Search for New Physics in the V/jet + MET final state}},
	Url = {https://cds.cern.ch/record/2036044},
	Year = {2015},
}

@article{Martin:1997ns,
      author         = "Martin, Stephen P.",
      title          = "{A Supersymmetry primer}",
      year           = "1998",
      pages          = "1-98",
      doi            = "10.1142/9789812839657_0001, 10.1142/9789814307505_0001",
      Journal        = "Adv. Ser. Direct. High Energy Phys",
	  Volume         = 18,
      eprint         = "hep-ph/9709356",
      archivePrefix  = "arXiv",
      primaryClass   = "hep-ph",
      reportNumber   = "FERMILAB-PUB-97-425-T",
      SLACcitation   = "%%CITATION = HEP-PH/9709356;%%"
}

@techreport{CMS-PAS-SUS-15-005,
	Address = {Geneva},
	Author = {CMS Collaboration},
	Collaboration = {CMS Collaboration},
	Institution = {CERN},
	Number = {CMS-PAS-SUS-15-005},
	Reportnumber = {CMS-PAS-SUS-15-005},
	Title = {{Search for new physics in final states with jets and missing transverse momentum in $\sqrt{s}$ = 13 TeV pp collisions with the $\alpha_{\mathrm{T}}$ variable}},
	Url = {https://cds.cern.ch/record/2114880},
	Year = {2015},
}

@article{Aitchison:2005cf,
	Archiveprefix = {arXiv},
	Author = {Aitchison, Ian J. R.},
	Eprint = {hep-ph/0505105},
	Primaryclass = {hep-ph},
	Slaccitation = {%%CITATION = HEP-PH/0505105;%%},
	Title = {{Supersymmetry and the MSSM: An Elementary introduction}},
	Year = {2005}}

@inproceedings{Ellis:2002mx,
	Archiveprefix = {arXiv},
	Author = {Ellis, John R.},
	Booktitle = {{2001 European school of high-energy physics, Beatenberg, Switzerland, 26 Aug-8 Sep 2001: Proceedings}},
	Eprint = {hep-ph/0203114},
	Pages = {157-203},
	Primaryclass = {hep-ph},
	Reportnumber = {CERN-TH-2002-052},
	Slaccitation = {%%CITATION = HEP-PH/0203114;%%},
	Title = {{Supersymmetry for Alp hikers}},
	Url = {http://doc.cern.ch/cernrep/1998/98-03/98-03.html},
	Year = {2002},
}

@inproceedings{Murayama:2007ek,
	Archiveprefix = {arXiv},
	Author = {Murayama, Hitoshi},
	Booktitle = {{Les Houches Summer School - Session 86: Particle Physics and Cosmology: The Fabric of Spacetime Les Houches, France, July 31-August 25, 2006}},
	Eprint = {0704.2276},
	Primaryclass = {hep-ph},
	Slaccitation = {%%CITATION = ARXIV:0704.2276;%%},
	Title = {{Physics Beyond the Standard Model and Dark Matter}},
	Year = {2007}}

@article{Peskin:2007nk,
	Archiveprefix = {arXiv},
	Author = {Peskin, Michael E.},
	Doi = {10.1143/JPSJ.76.111017},
	Eprint = {0707.1536},
	Journal = {J. Phys. Soc. Jap.},
	Pages = {111017},
	Primaryclass = {hep-ph},
	Reportnumber = {SLAC-PUB-12493},
	Slaccitation = {%%CITATION = ARXIV:0707.1536;%%},
	Title = {{Dark matter and particle physics}},
	Volume = {76},
	Year = {2007},
}

@article{Goodman:2010ku,
	Archiveprefix = {arXiv},
	Author = {Goodman, Jessica and Ibe, Masahiro and Rajaraman, Arvind and Shepherd, William and Tait, Tim M. P. and Yu, Hai-Bo},
	Doi = {10.1103/PhysRevD.82.116010},
	Eprint = {1008.1783},
	Journal = {Phys. Rev.},
	Pages = {116010},
	Primaryclass = {hep-ph},
	Reportnumber = {UCI-HEP-TR-2010-15},
	Slaccitation = {%%CITATION = ARXIV:1008.1783;%%},
	Title = {{Constraints on Dark Matter from Colliders}},
	Volume = {D82},
	Year = {2010},
}

@article{PhysRevLett.115.181802,
	Author = {Buchmueller, Oliver and Malik, Sarah A. and McCabe, Christopher and Penning, Bjoern},
	Doi = {10.1103/PhysRevLett.115.181802},
	Issue = {18},
	Journal = {Phys. Rev. Lett.},
	Month = {10},
	Numpages = {6},
	Pages = {181802},
	Publisher = {American Physical Society},
	Title = {Constraining Dark Matter Interactions with Pseudoscalar and Scalar Mediators Using Collider Searches for Multijets plus Missing Transverse Energy},
	Volume = {115},
	Year = {2015},
}

@article{CMS:2016pod,
	Author = {CMS Collaboration},
	Collaboration = {CMS},
	Reportnumber = {CMS-PAS-EXO-16-037},
	Slaccitation = {%%CITATION = CMS-PAS-EXO-16-037;%%},
	Title = {{Search for dark matter in final states with an energetic jet, or a hadronically decaying W or Z boson using $12.9~\mathrm{fb}^{-1}$ of data at $\sqrt{s} = 13~\mathrm{TeV}$}},
	Year = {2016}}

@article{Bertone:2004pz,
	Archiveprefix = {arXiv},
	Author = {Bertone, Gianfranco and Hooper, Dan and Silk, Joseph},
	Doi = {10.1016/j.physrep.2004.08.031},
	Eprint = {hep-ph/0404175},
	Journal = {Phys. Rept.},
	Pages = {279-390},
	Primaryclass = {hep-ph},
	Reportnumber = {FERMILAB-PUB-04-047-A},
	Slaccitation = {%%CITATION = HEP-PH/0404175;%%},
	Title = {{Particle dark matter: Evidence, candidates and constraints}},
	Volume = {405},
	Year = {2005},
}

@article{Yozin:2015mla,
	Archiveprefix = {arXiv},
	Author = {Yozin, C. and Bekki, K.},
	Doi = {10.1093/mnras/stv1073},
	Eprint = {1507.05161},
	Journal = {Mon. Not. R. Astron. Soc.},
	Number = {1},
	Pages = {937-943},
	Primaryclass = {astro-ph.GA},
	Slaccitation = {%%CITATION = ARXIV:1507.05161;%%},
	Title = {{The quenching and survival of ultra-diffuse galaxies in the Coma cluster}},
	Volume = {452},
	Year = {2015},
}

@techreport{ATLAS-CONF-2016-019,
	Address = {Geneva},
	Author = {ATLAS Collaboration},
	Institution = {CERN},
	Month = {3},
	Number = {ATLAS-CONF-2016-019},
	Reportnumber = {ATLAS-CONF-2016-019},
	Title = {{Search for Dark Matter in association with a Higgs boson decaying to $b$-quarks in $pp$ collisions at $\sqrt{s} = 13$ TeV with the ATLAS detector}},
	Url = {http://cds.cern.ch/record/2142777},
	Year = {2016},
}

@article{Steane:2013wra,
	Archiveprefix = {arXiv},
	Author = {Steane, Andrew M.},
	Eprint = {1312.3824},
	Primaryclass = {math-ph},
	Slaccitation = {%%CITATION = ARXIV:1312.3824;%%},
	Title = {{An introduction to spinors}},
	Year = {2013}}

@article{Conte:2012madanalysis,
	Archiveprefix = {arXiv},
	Author = {Conte, Eric and Fuks, Benjamin and Serret, Guillaume},
	Doi = {10.1016/j.cpc.2012.09.009},
	Eprint = {1206.1599},
	Journal = {Comput. Phys. Commun.},
	Pages = {222-256},
	Primaryclass = {hep-ph},
	Reportnumber = {IPHC-PHENO-06},
	Slaccitation = {%%CITATION = ARXIV:1206.1599;%%},
	Title = {{MadAnalysis 5, A User-Friendly Framework for Collider Phenomenology}},
	Volume = {184},
	Year = {2013},
}

@article{Alwall:2011madgraph,
	Archiveprefix = {arXiv},
	Author = {Alwall, Johan and Herquet, Michel and Maltoni, Fabio and Mattelaer, Olivier and Stelzer, Tim},
	Doi = {10.1007/JHEP06(2011)128},
	Eprint = {1106.0522},
	Journal = {JHEP},
	Pages = {128},
	Primaryclass = {hep-ph},
	Reportnumber = {FERMILAB-PUB-11-448-T},
	Slaccitation = {%%CITATION = ARXIV:1106.0522;%%},
	Title = {{MadGraph 5 : Going Beyond}},
	Volume = {06},
	Year = {2011},
}

@article{Sjostrand:2007pythia,
	Archiveprefix = {arXiv},
	Author = {Sjostrand, Torbjorn and Mrenna, Stephen and Skands, Peter Z.},
	Doi = {10.1016/j.cpc.2008.01.036},
	Eprint = {0710.3820},
	Journal = {Comput. Phys. Commun.},
	Pages = {852-867},
	Primaryclass = {hep-ph},
	Reportnumber = {CERN-LCGAPP-2007-04, LU-TP-07-28, FERMILAB-PUB-07-512-CD-T},
	Slaccitation = {%%CITATION = ARXIV:0710.3820;%%},
	Title = {{A Brief Introduction to PYTHIA 8.1}},
	Volume = {178},
	Year = {2008},
}

@article{Ovyn:2009delphes,
	Archiveprefix = {arXiv},
	Author = {Ovyn, S. and Rouby, X. and Lemaitre, V.},
	Eprint = {0903.2225},
	Primaryclass = {hep-ph},
	Reportnumber = {CP3-09-01},
	Slaccitation = {%%CITATION = ARXIV:0903.2225;%%},
	Title = {{DELPHES, a framework for fast simulation of a generic collider experiment}},
	Year = {2009}}

@article{Cacciari:2011fastjet,
	Archiveprefix = {arXiv},
	Author = {Cacciari, Matteo and Salam, Gavin P. and Soyez, Gregory},
	Doi = {10.1140/epjc/s10052-012-1896-2},
	Eprint = {1111.6097},
	Journal = {Eur. Phys. J.},
	Pages = {1896},
	Primaryclass = {hep-ph},
	Reportnumber = {CERN-PH-TH-2011-297},
	Slaccitation = {%%CITATION = ARXIV:1111.6097;%%},
	Title = {{FastJet User Manual}},
	Volume = {C72},
	Year = {2012},
}

@article{Randall:2008rw,
	Archiveprefix = {arXiv},
	Author = {Randall, Lisa and Tucker-Smith, David},
	Doi = {10.1103/PhysRevLett.101.221803},
	Eprint = {0806.1049},
	Journal = {Phys. Rev. Lett.},
	Pages = {221803},
	Primaryclass = {hep-ph},
	Slaccitation = {%%CITATION = ARXIV:0806.1049;%%},
	Title = {{Dijet Searches for Supersymmetry at the LHC}},
	Volume = {101},
	Year = {2008},
}

@article{PhysRevLett.107.221804,
	Author = {Chatrchyan, S. and others},
	Collaboration = {CMS Collaboration},
	Doi = {10.1103/PhysRevLett.107.221804},
	Issue = {22},
	Journal = {Phys. Rev. Lett.},
	Month = {11},
	Numpages = {16},
	Pages = {221804},
	Publisher = {American Physical Society},
	Title = {Search for Supersymmetry at the LHC in Events with Jets and Missing Transverse Energy},
	Volume = {107},
	Year = {2011},
}

@inproceedings{Sakuma:2016nxo,
	Archiveprefix = {arXiv},
	Author = {Sakuma, Tai},
	Collaboration = {CMS},
	Eprint = {1609.07445},
	Primaryclass = {hep-ex},
	Reportnumber = {CMS-CR-2016-216},
	Slaccitation = {%%CITATION = ARXIV:1609.07445;%%},
	Title = {{Squark/gluino searches in hadronic channels with CMS}},
	Year = {2016}}

@article{Cohen:2015toa,
	Archiveprefix = {arXiv},
	Author = {Cohen, Timothy and Lisanti, Mariangela and Lou, Hou Keong},
	Doi = {10.1103/PhysRevLett.115.171804},
	Eprint = {1503.00009},
	Journal = {Phys. Rev. Lett.},
	Number = {17},
	Pages = {171804},
	Primaryclass = {hep-ph},
	Slaccitation = {%%CITATION = ARXIV:1503.00009;%%},
	Title = {{Semi-visible Jets: Dark Matter Undercover at the LHC}},
	Volume = {115},
	Year = {2015},
}

@techreport{CMS-SUS-14-006,
	Address = {Geneva},
	Author = {CMS Collaboration},
	Collaboration = {CMS Collaboration},
	Institution = {CERN},
	Month = {5},
	Note = {Comments: Submitted to Phys. Lett. B},
	Number = {arXiv:1605.08993. CMS-SUS-14-006. CERN-EP-2016-103},
	Reportnumber = {arXiv:1605.08993},
	Title = {{Search for top squark pair production in compressed-mass-spectrum scenarios in proton-proton collisions at $ \sqrt{s} = $ 8 TeV using the ${\alpha_\mathrm{T}}$ variable}},
	Url = {https://cds.cern.ch/record/2156414},
	Year = {2016},
}

@article{lhapdf6,
	Archiveprefix = {arXiv},
	Author = {Buckley, Andy and Ferrando, James and Lloyd, Stephen and Nordstr{\"o}m, Karl and Page, Ben and R{\"u}fenacht, Martin and Sch{\"o}nherr, Marek and Watt, Graeme},
	Doi = {10.1140/epjc/s10052-015-3318-8},
	Eprint = {1412.7420},
	Journal = {Eur. Phys. J.},
	Pages = {132},
	Primaryclass = {hep-ph},
	Reportnumber = {GLAS-PPE-2014-05, MCNET-14-29, IPPP-14-111, DCPT-14-222},
	Slaccitation = {%%CITATION = ARXIV:1412.7420;%%},
	Title = {{LHAPDF6: parton density access in the LHC precision era}},
	Volume = {C75},
	Year = {2015},
}

@article{pythia82,
	Archiveprefix = {arXiv},
	Author = {Sj{\"o}strand, Torbj{\"o}rn and Ask, Stefan and Christiansen, Jesper R. and Corke, Richard and Desai, Nishita and Ilten, Philip and Mrenna, Stephen and Prestel, Stefan and Rasmussen, Christine O. and Skands, Peter Z.},
	Doi = {10.1016/j.cpc.2015.01.024},
	Eprint = {1410.3012},
	Journal = {Comput. Phys. Commun.},
	Pages = {159-177},
	Primaryclass = {hep-ph},
	Reportnumber = {LU-TP-14-36, MCNET-14-22, CERN-PH-TH-2014-190, FERMILAB-PUB-14-316-CD, DESY-14-178, SLAC-PUB-16122},
	Slaccitation = {%%CITATION = ARXIV:1410.3012;%%},
	Title = {{An Introduction to PYTHIA 8.2}},
	Volume = {191},
	Year = {2015},
}

@article{Dobbs200141,
	Author = {Matt Dobbs and J{\~A}{\v z}rgen Beck Hansen},
	Doi = {http://dx.doi.org/10.1016/S0010-4655(00)00189-2},
	Issn = {0010-4655},
	Journal = {Computer Physics Communications},
	Keywords = {C++},
	Number = {1},
	Pages = {41 - 46},
	Title = {The HepMC C++ Monte Carlo event record for High Energy Physics},
	Volume = {134},
	Year = {2001},
}

@inproceedings{Placakyte:2011az,
	Archiveprefix = {arXiv},
	Author = {Placakyte, Ringaile},
	Booktitle = {{Proceedings, 31st International Conference on Physics in collisions (PIC 2011): Vancouver, Canada, August 28-September 1, 2011}},
	Eprint = {1111.5452},
	Primaryclass = {hep-ph},
	Slaccitation = {%%CITATION = ARXIV:1111.5452;%%},
	Title = {{Parton Distribution Functions}},
	Year = {2011}}

@article{1742-6596-664-7-072052,
	Author = {G Petrucciani and A Rizzi and C Vuosalo},
	Journal = {Journal of Physics: Conference Series},
	Number = {7},
	Pages = {072052},
	Title = {Mini-AOD: A New Analysis Data Format for CMS},
	Volume = {664},
	Year = {2015}}

@article{CMS-PAPER-SUS-15-005-arXiv,
	Archiveprefix = {arXiv},
	Author = {CMS Collaboration},
	Collaboration = {CMS Collaboration},
	Eprint = {1611.00338},
	Institution = {CERN},
	Journal = {Submitted to: Eur. Phys. J. C},
	Note = {CMS-SUS-15-005, CERN-EP-2016-246},
	Primaryclass = {hep-ex},
	Reportnumber = {CMS-SUS-15-005},
	Slaccitation = {%%CITATION = ARXIV:1611.00338;%%},
	Title = {{A search for new phenomena in pp collisions at $\sqrt{s}$ = 13 TeV in final states with missing transverse momentum and at least one jet using the ${\alpha_{\mathrm{T}}}$ variable}},
	Year = {2016}}

@article{CMS-PAPER-SUS-15-005-published,
	Archiveprefix = {arXiv},
	Author = {Khachatryan, Vardan and others},
	Collaboration = {CMS},
	Doi = {10.1140/epjc/s10052-017-4787-8},
	Eprint = {1611.00338},
	Journal = {Eur. Phys. J.},
	Number = {5},
	Pages = {294},
	Primaryclass = {hep-ex},
	Reportnumber = {CMS-SUS-15-005, CERN-EP-2016-246},
	Slaccitation = {%%CITATION = ARXIV:1611.00338;%%},
	Title = {{A search for new phenomena in pp collisions at $\sqrt{s} = 13\,\text {TeV} $ in final states with missing transverse momentum and at least one jet using the $\alpha _{\mathrm {T}}$ variable}},
	Volume = {C77},
	Year = {2017},
}

@article{doi:10.1093-mnras-183.3.341,
	Author = {White, S. D. M. and Rees, M. J.},
	Doi = {10.1093/mnras/183.3.341},
	Journal = {Mon. Not. R. Astron. Soc.},
	Number = {3},
	Pages = {341},
	Title = {Core condensation in heavy halos: a two-stage theory for galaxy formation and clustering},
	Volume = {183},
	Year = {1978},
}

@article{1970ApJ-160-811F,
	Adsnote = {Provided by the SAO/NASA Astrophysics Data System},
	Adsurl = {http://adsabs.harvard.edu/abs/1970ApJ...160..811F},
	Author = {{Freeman}, K.~C.},
	Doi = {10.1086/150474},
	Journal = {The Astrophysical Journal},
	Month = jun,
	Pages = {811},
	Title = {{On the Disks of Spiral and S0 Galaxies}},
	Volume = 160,
	Year = 1970,
}

@article{1992AandA-256-19B,
	Adsnote = {Provided by the SAO/NASA Astrophysics Data System},
	Adsurl = {http://adsabs.harvard.edu/abs/1992A%26A...256...19B},
	Author = {{Broeils}, A.~H.},
	Journal = {Astronomy \& Astrophysics},
	Keywords = {Dwarf Galaxies, Galactic Mass, Mass Distribution, Radial Velocity, Spiral Galaxies, Dark Matter, Galactic Structure, H Lines},
	Month = mar,
	Pages = {19-32},
	Title = {{The mass distribution of the dwarf spiral NGC 1560}},
	Volume = 256,
	Year = 1992}

@article{1972ApJ-176-1G,
	Adsnote = {Provided by the SAO/NASA Astrophysics Data System},
	Adsurl = {http://adsabs.harvard.edu/abs/1972ApJ...176....1G},
	Author = {{Gunn}, J.~E. and {Gott}, III, J.~R.},
	Doi = {10.1086/151605},
	Journal = {The Astrophysical Journal},
	Month = aug,
	Pages = {1},
	Title = {{On the Infall of Matter Into Clusters of Galaxies and Some Effects on Their Evolution}},
	Volume = 176,
	Year = 1972,
}

@article{2006AJ-132-2685M,
	Adsnote = {Provided by the SAO/NASA Astrophysics Data System},
	Adsurl = {http://adsabs.harvard.edu/abs/2006AJ....132.2685M},
	Author = {{Merritt}, D. and {Graham}, A.~W. and {Moore}, B. and {Diemand}, J. and {Terzi{\'{c}}}, B.},
	Doi = {10.1086/508988},
	Eprint = {astro-ph/0509417},
	Journal = {The Astronomical Journal},
	Keywords = {Cosmology: Dark Matter, Galaxies: Halos, Methods: N-Body Simulations},
	Month = dec,
	Pages = {2685-2700},
	Title = {{Empirical Models for Dark Matter Halos. I. Nonparametric Construction of Density Profiles and Comparison with Parametric Models}},
	Volume = 132,
	Year = 2006,
}

@article{1996MNRAS-281-27P,
	Adsnote = {Provided by the SAO/NASA Astrophysics Data System},
	Adsurl = {http://adsabs.harvard.edu/abs/1996MNRAS.281...27P},
	Author = {{Persic}, M. and {Salucci}, P. and {Stel}, F.},
	Doi = {10.1093/mnras/281.1.27},
	Eprint = {astro-ph/9506004},
	Journal = {Mon. Not. R. Astron. Soc.},
	Keywords = {GALAXIES: KINEMATICS AND DYNAMICS, GALAXIES: SPIRAL, GALAXIES: STRUCTURE, DARK MATTER},
	Month = jul,
	Pages = {27-47},
	Title = {{The universal rotation curve of spiral galaxies - I. The dark matter connection}},
	Volume = 281,
	Year = 1996,
}

@article{2009arXiv0901.0632E,
	Adsnote = {Provided by the SAO/NASA Astrophysics Data System},
	Adsurl = {http://adsabs.harvard.edu/abs/2009arXiv0901.0632E},
	Archiveprefix = {arXiv},
	Author = {{Einasto}, J.},
	Eprint = {0901.0632},
	Journal = {ArXiv e-prints},
	Keywords = {Astrophysics - Cosmology and Extragalactic Astrophysics},
	Month = jan,
	Primaryclass = {astro-ph.CO},
	Title = {{Dark Matter}},
	Year = 2009}

@article{CMS-DP-2016-057,
	Collaboration = {CMS Collaboration},
	Month = aug,
	Reportnumber = {CMS-DP-2016-057},
	Title = {{Dark Matter Summary Plots from CMS for ICHEP 2016}},
	Url = {https://cds.cern.ch/record/2208044},
	Year = {2016},
}

@article{Baldes:2017gzw,
	Archiveprefix = {arXiv},
	Author = {Baldes, Iason and Petraki, Kalliopi},
	Eprint = {1703.00478},
	Primaryclass = {hep-ph},
	Reportnumber = {DESY-17-034, NIKHEF-2017-009},
	Slaccitation = {%%CITATION = ARXIV:1703.00478;%%},
	Title = {{Asymmetric thermal-relic dark matter: Sommerfeld-enhanced freeze-out, annihilation signals and unitarity bounds}},
	Year = {2017}}

@article{2010GReGr..42.2177H,
	Adsnote = {Provided by the SAO/NASA Astrophysics Data System},
	Adsurl = {http://adsabs.harvard.edu/abs/2010GReGr..42.2177H},
	Archiveprefix = {arXiv},
	Author = {{Huterer}, D.},
	Doi = {10.1007/s10714-010-1051-z},
	Eprint = {1001.1758},
	Journal = {General Relativity and Gravitation},
	Keywords = {Cosmology, Weak gravitational lensing, Dark matter, Dark energy},
	Month = sep,
	Pages = {2177-2195},
	Primaryclass = {astro-ph.CO},
	Title = {{Weak lensing, dark matter and dark energy}},
	Volume = 42,
	Year = 2010,
}

@article{2016AnA...594A..13P,
	Adsnote = {Provided by the SAO/NASA Astrophysics Data System},
	Adsurl = {http://adsabs.harvard.edu/abs/2016A%26A...594A..13P},
	Archiveprefix = {arXiv},
	Author = {{Planck Collaboration} and {Ade}, P.~A.~R. and {Aghanim}, N. and {Arnaud}, M. and {Ashdown}, M. and {Aumont}, J. and {Baccigalupi}, C. and {Banday}, A.~J. and {Barreiro}, R.~B. and {Bartlett}, J.~G. and et al.},
	Doi = {10.1051/0004-6361/201525830},
	Eid = {A13},
	Eprint = {1502.01589},
	Journal = {Astronomy \& Astrophysics},
	Keywords = {cosmology: observations, cosmology: theory, cosmic background radiation, cosmological parameters},
	Month = sep,
	Pages = {A13},
	Title = {{Planck 2015 results. XIII. Cosmological parameters}},
	Volume = 594,
	Year = 2016,
}

@article{doi:10.1142/S0218301313300191,
	Author = {Drewes, Marco},
	Doi = {10.1142/S0218301313300191},
	Journal = {International Journal of Modern Physics E},
	Number = {08},
	Pages = {1330019},
	Title = {The Phenomenology of Right Handed Neutrinos},
	Volume = {22},
	Year = {2013},
}

@article{1981PhLB..104..199D,
	Adsnote = {Provided by the SAO/NASA Astrophysics Data System},
	Adsurl = {http://adsabs.harvard.edu/abs/1981PhLB..104..199D},
	Author = {{Dine}, M. and {Fischler}, W. and {Srednicki}, M.},
	Doi = {10.1016/0370-2693(81)90590-6},
	Journal = {Physics Letters B},
	Month = aug,
	Pages = {199-202},
	Title = {{A simple solution to the strong CP problem with a harmless axion}},
	Volume = 104,
	Year = 1981,
}

@article{Han:1998sg,
	Archiveprefix = {arXiv},
	Author = {Han, Tao and Lykken, Joseph D. and Zhang, Ren-Jie},
	Doi = {10.1103/PhysRevD.59.105006},
	Eprint = {hep-ph/9811350},
	Journal = {Phys. Rev.},
	Pages = {105006},
	Primaryclass = {hep-ph},
	Reportnumber = {MADPH-98-1092, FERMILAB-PUB-98-364},
	Slaccitation = {%%CITATION = HEP-PH/9811350;%%},
	Title = {{On Kaluza-Klein states from large extra dimensions}},
	Volume = {D59},
	Year = {1999},
}

@inproceedings{Quigg:2008ab,
	Archiveprefix = {arXiv},
	Author = {Quigg, Chris},
	Booktitle = {{Proceedings, 35th SLAC Summer Institute on Particle Physics: Dark matter: From the cosmos to the Laboratory (SSI 2007): Menlo Park, California, July 30- August 10, 2007}},
	Eprint = {0802.0013},
	Primaryclass = {hep-ph},
	Reportnumber = {FERMILAB-CONF-07-417-T},
	Slaccitation = {%%CITATION = ARXIV:0802.0013;%%},
	Title = {{Cosmic Neutrinos}},
	Url = {http://lss.fnal.gov/cgi-bin/find_paper.pl?conf-07-417},
	Year = {2008},
}

@article{1742-6596-718-2-022013,
	Author = {Susanne Mertens},
	Journal = {Journal of Physics: Conference Series},
	Number = {2},
	Pages = {022013},
	Title = {Direct Neutrino Mass Experiments},
	Url = {http://stacks.iop.org/1742-6596/718/i=2/a=022013},
	Volume = {718},
	Year = {2016},
}

@book{weinberg2008cosmology,
	Author = {Weinberg, S.},
	Isbn = {9780191523601},
	Publisher = {OUP Oxford},
	Series = {Cosmology},
	Title = {Cosmology},
	Url = {https://books.google.co.uk/books?id=48C-ym2EmZkC},
	Year = {2008},
}

@article{Pennington:2016dpj,
	Archiveprefix = {arXiv},
	Author = {Pennington, Michael R.},
	Doi = {10.1088/0954-3899/43/5/054001},
	Eprint = {1604.01441},
	Journal = {J. Phys.},
	Pages = {054001},
	Primaryclass = {hep-ph},
	Reportnumber = {JLAB-THY-16-2239},
	Slaccitation = {%%CITATION = ARXIV:1604.01441;%%},
	Title = {{Evolving images of the proton: Hadron physics over the past 40 years}},
	Volume = {G43},
	Year = {2016},
}

@article{Brooke:1602168,
	Author = {Brooke, James John and Mathias, Bryn Lough Shorney and Tapper, Alexander and Wardle, Nicholas},
	Month = Sep,
	Reportnumber = {CMS-IN-2013-006},
	Title = {{Calibration and Performance of the Jets and Energy Sums in the Level-1 Trigger}},
	Url = {https://cds.cern.ch/record/1602168},
	Year = {2013},
}

@book{cox2016universal,
	Author = {Cox, B. and Forshaw, J.},
	Isbn = {9780141968346},
	Publisher = {Penguin Books Limited},
	Title = {Universal: A Journey Through the Cosmos},
	Url = {https://books.google.co.uk/books?id=2FLBBwAAQBAJ},
	Year = {2016},
}

@article{PDGbooklet2010,
	Author = {K Nakamura and Particle Data Group},
	Journal = {Journal of Physics G: Nuclear and Particle Physics},
	Number = {7A},
	Pages = {075021},
	Title = {Review of Particle Physics},
	Url = {http://stacks.iop.org/0954-3899/37/i=7A/a=075021},
	Volume = {37},
	Year = {2010},
}

@article{BulletClusterDMevidence,
	Author = {Douglas Clowe and Anthony Gonzalez and Maxim Markevitch},
	Journal = {The Astrophysical Journal},
	Number = {2},
	Pages = {596},
	Title = {Weak-Lensing Mass Reconstruction of the Interacting Cluster 1E 0657--558: Direct Evidence for the Existence of Dark Matter},
	Url = {http://stacks.iop.org/0004-637X/604/i=2/a=596},
	Volume = {604},
	Year = {2004},
}

@article{Sirunyan:2017xgm,
	Archiveprefix = {arXiv},
	Author = {Sirunyan, Albert M and others},
	Collaboration = {CMS},
	Eprint = {1706.02581},
	Primaryclass = {hep-ex},
	Reportnumber = {CMS-EXO-16-005, CERN-EP-2017-087},
	Title = {{Search for dark matter produced in association with heavy-flavor quarks in proton-proton collisions at sqrt(s)=13 TeV}},
	Year = {2017}}

@article{CMS-PRF-14-001,
	Archiveprefix = {arXiv},
	Author = {Sirunyan, A. M. and others},
	Collaboration = {CMS},
	Doi = {10.1088/1748-0221/12/10/P10003},
	Eprint = {1706.04965},
	Journal = {JINST},
	Pages = {P10003},
	Primaryclass = {physics.ins-det},
	Reportnumber = {CMS-PRF-14-001, CERN-EP-2017-110},
	Title = {Particle-flow reconstruction and global event description with the CMS detector},
	Volume = {12},
	Year = {2017},
}

@inproceedings{Kamionkowski:1997zb,
	Archiveprefix = {arXiv},
	Author = {Kamionkowski, M.},
	Booktitle = {{High-energy physics and cosmology. Proceedings, Summer School, Trieste, Italy, June 2-July 4, 1997}},
	Eprint = {hep-ph/9710467},
	Pages = {394-411},
	Primaryclass = {hep-ph},
	Reportnumber = {CU-TP-866, CAL-648},
	Title = {{WIMP and axion dark matter}},
	Year = {1997}}

@inproceedings{Lisanti:2016jxe,
	Archiveprefix = {arXiv},
	Author = {Lisanti, Mariangela},
	Booktitle = {{Proceedings, Theoretical Advanced Study Institute in Elementary Particle Physics: New Frontiers in Fields and Strings (TASI 2015): Boulder, CO, USA, June 1-26, 2015}},
	Doi = {10.1142/9789813149441_0007},
	Eprint = {1603.03797},
	Pages = {399-446},
	Primaryclass = {hep-ph},
	Title = {{Lectures on Dark Matter Physics}},
	Url = {https://inspirehep.net/record/1427360/files/arXiv:1603.03797.pdf},
	Year = {2017},
}
	Bdsk-Url-2 = {https://doi.org/10.1142/9789813149441_0007}}

@book{tagkey1984quarksandleptons,
	Address = {Amsterdam},
	Doi = {https://doi.org/10.1016/B978-0-444-86924-1.50001-5},
	Editor = {OKUN, L.B.},
	Issn = {09255818},
	Publisher = {Elsevier},
	Series = {North-Holland Personal Library},
	Title = {Leptons and Quarks},
	Year = {1984},
}

@article{Duerr:2017uap,
	Archiveprefix = {arXiv},
	Author = {Duerr, Michael and Grohsjean, Alexander and Kahlhoefer, Felix and Penning, Bjoern and Schmidt-Hoberg, Kai and Schwanenberger, Christian},
	Doi = {10.1007/JHEP04(2017)143},
	Eprint = {1701.08780},
	Journal = {JHEP},
	Pages = {143},
	Primaryclass = {hep-ph},
	Reportnumber = {DESY-17-016},
	Title = {{Hunting the dark Higgs}},
	Volume = {04},
	Year = {2017},
}

@article{1926ZPhy37895K,
	Adsnote = {Provided by the SAO/NASA Astrophysics Data System},
	Adsurl = {http://adsabs.harvard.edu/abs/1926ZPhy...37..895K},
	Author = {{Klein}, O.},
	Doi = {10.1007/BF01397481},
	Journal = {Zeitschrift fur Physik},
	Month = dec,
	Pages = {895-906},
	Title = {{Quantentheorie und f{\"u}nfdimensionale Relativit{\"a}tstheorie}},
	Volume = 37,
	Year = 1926,
}

@article{2012AstRv7b5W,
	Adsnote = {Provided by the SAO/NASA Astrophysics Data System},
	Adsurl = {http://adsabs.harvard.edu/abs/2012AstRv...7b...5W},
	Author = {{Williams}, L.},
	Doi = {10.1080/21672857.2012.11519699},
	Journal = {The Astronomical Review},
	Keywords = {interstellar travel, general relativity, electromagnetism, Alcubierre warps},
	Month = apr,
	Number = 2,
	Pages = {5-28},
	Title = {{Electromagnetic Control of Spacetime and Gravity: The Hard Problem of Interstellar Travel}},
	Volume = 7,
	Year = 2012,
}

@article{Kaluza1921,
	Added-At = {2014-09-15T08:49:36.000+0200},
	Author = {Kaluza, Theodor},
	Biburl = {https://www.bibsonomy.org/bibtex/2d37fb59475b8d71d892af008f2da52f0/zhaozhh02},
	Journal = {Sitzungsber. Preuss. Akad. Wiss. Berlin (Math. Phys.)},
	Keywords = {imported},
	Owner = {zhao},
	Pages = 966,
	Title = {Zum Unit\"{a}tsproblem in der Physik},
	Year = 1921}

@article{Flacke:2017xsv,
	Archiveprefix = {arXiv},
	Author = {Flacke, Thomas and Kang, Dong Woo and Kong, Kyoungchul and Mohlabeng, Gopolang and Park, Seong Chan},
	Doi = {10.1007/JHEP04(2017)041},
	Eprint = {1702.02949},
	Journal = {JHEP},
	Pages = {041},
	Primaryclass = {hep-ph},
	Reportnumber = {CTPU-16-31, FERMILAB-PUB-16-554-T, PITT-PACC-1616},
	Title = {{Electroweak Kaluza-Klein Dark Matter}},
	Volume = {04},
	Year = {2017},
}

@article{Cohen:2017pzm,
	Archiveprefix = {arXiv},
	Author = {Cohen, Timothy and Lisanti, Mariangela and Lou, Hou Keong and Mishra-Sharma, Siddharth},
	Doi = {10.1007/JHEP11(2017)196},
	Eprint = {1707.05326},
	Journal = {JHEP},
	Pages = {196},
	Primaryclass = {hep-ph},
	Reportnumber = {PUPT-2529},
	Title = {{LHC Searches for Dark Sector Showers}},
	Volume = {11},
	Year = {2017},
}

@article{ALLISON2016186,
	Author = {J. Allison et. al},
	Doi = {https://doi.org/10.1016/j.nima.2016.06.125},
	Issn = {0168-9002},
	Journal = {Nuclear Instruments and Methods in Physics Research Section A: Accelerators, Spectrometers, Detectors and Associated Equipment},
	Keywords = {High energy physics, Nuclear physics, Radiation, Simulation, Computing},
	Pages = {186 - 225},
	Title = {Recent developments in Geant4},
	Url = {http://www.sciencedirect.com/science/article/pii/S0168900216306957},
	Volume = {835},
	Year = {2016},
}

@article{Cacciari:2008gp,
	Archiveprefix = {arXiv},
	Author = {Cacciari, Matteo and Salam, Gavin P. and Soyez, Gregory},
	Doi = {10.1088/1126-6708/2008/04/063},
	Eprint = {0802.1189},
	Journal = {JHEP},
	Pages = {063},
	Primaryclass = {hep-ph},
	Reportnumber = {LPTHE-07-03},
	Slaccitation = {%%CITATION = ARXIV:0802.1189;%%},
	Title = {{The Anti-k(t) jet clustering algorithm}},
	Volume = {04},
	Year = {2008},
}

@article{Andersson:1983ia,
	Author = {Andersson, Bo and Gustafson, G. and Ingelman, G. and Sjostrand, T.},
	Doi = {10.1016/0370-1573(83)90080-7},
	Journal = {Phys. Rept.},
	Pages = {31-145},
	Reportnumber = {LU-TP-83-10},
	Slaccitation = {%%CITATION = PRPLC,97,31;%%},
	Title = {{Parton Fragmentation and String Dynamics}},
	Volume = {97},
	Year = {1983},
}

@article{SUS16038published,
	Author = {Sirunyan, A. M. and others},
	Date-Modified = {2019-05-01 12:21:06 +0100},
	Doi = {10.1007/JHEP05(2018)025},
	Journal = {Journal of High Energy Physics},
	Month = {05},
	Number = {5},
	Pages = {25},
	Title = {Search for natural and split supersymmetry in proton-proton collisions at $\sqrt{s} = 13$ TeV in final states with jets and missing transverse momentum},
	Url = {https://doi.org/10.1007/JHEP05(2018)025},
	Volume = {2018},
	Year = {2018},
}

@article{Patrignani:2016xqp,
	Author = {Patrignani, C. and others},
	Collaboration = {Particle Data Group},
	Doi = {10.1088/1674-1137/40/10/100001},
	Journal = {Chin. Phys.},
	Number = {10},
	Pages = {100001},
	Slaccitation = {%%CITATION = CHPHD,C40,100001;%%},
	Title = {{Review of Particle Physics}},
	Volume = {C40},
	Year = {2016},
}

@article{Khachatryan:2016whc,
	Archiveprefix = {arXiv},
	Author = {Khachatryan, Vardan and others},
	Collaboration = {CMS},
	Doi = {10.1007/JHEP02(2017)135},
	Eprint = {1610.09218},
	Journal = {JHEP},
	Pages = {135},
	Primaryclass = {hep-ex},
	Reportnumber = {CMS-HIG-16-016, CERN-EP-2016-240},
	Slaccitation = {%%CITATION = ARXIV:1610.09218;%%},
	Title = {{Searches for invisible decays of the Higgs boson in pp collisions at $\sqrt{s}$ = 7, 8, and 13 TeV}},
	Volume = {02},
	Year = {2017},
}

@article{Shore:2007um,
	Archiveprefix = {arXiv},
	Author = {Shore, G. M.},
	Doi = {10.1016/j.nuclphysb.2007.03.034},
	Eprint = {hep-th/0701185},
	Journal = {Nucl. Phys.},
	Pages = {219-258},
	Primaryclass = {hep-th},
	Reportnumber = {SWAT-07-503},
	Slaccitation = {%%CITATION = HEP-TH/0701185;%%},
	Title = {{Superluminality and UV completion}},
	Volume = {B778},
	Year = {2007},
}

@article{PhysRevLett.120.231801,
	Author = {Sirunyan, A. M. and others},
	Collaboration = {CMS Collaboration},
	Doi = {10.1103/PhysRevLett.120.231801},
	Issue = {23},
	Journal = {Phys. Rev. Lett.},
	Month = 06,
	Numpages = {17},
	Pages = {231801},
	Publisher = {American Physical Society},
	Title = {Observation of $t\overline{t}H$ Production},
	Volume = {120},
	Year = {2018},
}

@article{SalamJetClustering2006,
	Author = {P Salam, Gavin and Cacciari, Matteo},
	Month = {04},
	Title = {Jet clustering in particle physics, via a dynamic nearest neighbour graph implemented with CGAL},
	Year = {2006}}

@article{Thaler:2010tr,
	Archiveprefix = {arXiv},
	Author = {Thaler, Jesse and Van Tilburg, Ken},
	Doi = {10.1007/JHEP03(2011)015},
	Eprint = {1011.2268},
	Journal = {JHEP},
	Pages = {015},
	Primaryclass = {hep-ph},
	Reportnumber = {MIT-CTP-4191},
	Slaccitation = {%%CITATION = ARXIV:1011.2268;%%},
	Title = {{Identifying Boosted Objects with N-subjettiness}},
	Volume = {03},
	Year = {2011},
}

@article{Freytsis:2014hpa,
	Archiveprefix = {arXiv},
	Author = {Freytsis, Marat and Volansky, Tomer and Walsh, Jonathan R.},
	Doi = {10.1016/j.physletb.2016.08.044},
	Eprint = {1412.7540},
	Journal = {Phys. Lett.},
	Pages = {333-338},
	Primaryclass = {hep-ph},
	Slaccitation = {%%CITATION = ARXIV:1412.7540;%%},
	Title = {{Tagging Partially Reconstructed Objects with Jet Substructure}},
	Volume = {B769},
	Year = {2017},
}

@article{Bednyakov:2016onn,
	Archiveprefix = {arXiv},
	Author = {Bednyakov, A. V. and Kniehl, B. A. and Pikelner, A. F. and Veretin, O. L.},
	Doi = {10.1016/j.nuclphysb.2017.01.004},
	Eprint = {1612.00660},
	Journal = {Nucl. Phys.},
	Pages = {463-483},
	Primaryclass = {hep-ph},
	Reportnumber = {DESY-16-234, DESY 16-234},
	Slaccitation = {%%CITATION = ARXIV:1612.00660;%%},
	Title = {{On the $b$-quark running mass in QCD and the SM}},
	Volume = {B916},
	Year = {2017},
}

@book{Heinemeyer:1559921,
	Author = {Heinemeyer, S and others},
	Collaboration = {LHC Higgs Cross Section Working Group},
	Editor = {Heinemeyer, S},
	Month = {07},
	Reportnumber = {CERN-2013-004},
	Series = {CERN Yellow Reports: Monographs},
	Title = {{Handbook of LHC Higgs Cross Sections: 3. Higgs Properties: Report of the LHC Higgs Cross Section Working Group}},
	Url = {https://cds.cern.ch/record/1559921},
	Year = {2013},
}

@article{Aaboud:2019yqu,
	Archiveprefix = {arXiv},
	Author = {Aaboud, Morad and others},
	Collaboration = {ATLAS},
	Eprint = {1903.01400},
	Primaryclass = {hep-ex},
	Reportnumber = {CERN-EP-2018-334},
	Title = {{Constraints on mediator-based dark matter and scalar dark energy models using $\sqrt{s} = 13$ TeV $pp$ collision data collected by the ATLAS detector}},
	Year = {2019}}

@article{deFlorian:2016spz,
	Archiveprefix = {arXiv},
	Author = {de Florian, D. and others},
	Collaboration = {LHC Higgs Cross Section Working Group},
	Doi = {10.23731/CYRM-2017-002},
	Eprint = {1610.07922},
	Primaryclass = {hep-ph},
	Reportnumber = {FERMILAB-FN-1025-T, CERN-2017-002-M},
	Slaccitation = {%%CITATION = ARXIV:1610.07922;%%},
	Title = {{Handbook of LHC Higgs Cross Sections: 4. Deciphering the Nature of the Higgs Sector}},
	Year = {2016},
}

@article{Sirunyan:2018owy,
	Archiveprefix = {arXiv},
	Author = {Sirunyan, Albert M and others},
	Collaboration = {CMS},
	Eprint = {1809.05937},
	Primaryclass = {hep-ex},
	Reportnumber = {CMS-HIG-17-023, CERN-EP-2018-139},
	Slaccitation = {%%CITATION = ARXIV:1809.05937;%%},
	Title = {{Search for invisible decays of a Higgs boson produced through vector boson fusion in proton-proton collisions at $\sqrt{s} =$ 13 TeV}},
	Year = {2018}}

@techreport{CMS-PAS-HIG-18-008,
	Address = {Geneva},
	Collaboration = {CMS Collaboration},
	Institution = {CERN},
	Number = {CMS-PAS-HIG-18-008},
	Reportnumber = {CMS-PAS-HIG-18-008},
	Title = {{First constraints on invisible Higgs boson decays using $\mathrm{t}\bar{\mathrm{t}}\mathrm{H}$ production at $\sqrt{s}=13~\mathrm{TeV}$}},
	Url = {https://cds.cern.ch/record/2668677},
	Year = {2019},
}

@article{Aaboud:2019rtt,
	Archiveprefix = {arXiv},
	Author = {Aaboud, Morad and others},
	Collaboration = {ATLAS},
	Eprint = {1904.05105},
	Journal = {Submitted to: Phys. Rev. Lett.},
	Primaryclass = {hep-ex},
	Reportnumber = {CERN-EP-2019-046},
	Slaccitation = {%%CITATION = ARXIV:1904.05105;%%},
	Title = {{Combination of searches for invisible Higgs boson decays with the ATLAS experiment}},
	Year = {2019}}

@online{cmslumitwikipage,
    Author = {CMS Collaboration},
    Collaboration = {CMS},
    Title = {CMS Luminosity Public Results},
    note = {\url{https://twiki.cern.ch/twiki/bin/view/CMSPublic/LumiPublicResults}. Accessed 2020-02-22},
}

@online{cmslumipogpage,
    Author = {CMS Collaboration},
    Collaboration = {CMS},
    Title = {Luminosity Physics Object Group (Lumi POG)},
    note = {\url{https://twiki.cern.ch/twiki/bin/viewauth/CMS/TWikiLUM}. Accessed 2020-03-16. Note that access may be restricted.},
}

@article{Lowette:2014yta,
      author         = "Lowette, Steven",
      title          = "{Search for Dark Matter at CMS}",
      booktitle      = "{Proceedings, 37th International Conference on High
                        Energy Physics (ICHEP 2014): Valencia, Spain, July 2-9,
                        2014}",
      collaboration  = "CMS",
      journal        = "Nucl. Part. Phys. Proc.",
      volume         = "273-275",
      year           = "2016",
      pages          = "503-508",
      eprint         = "1410.3762",
      archivePrefix  = "arXiv",
      primaryClass   = "hep-ex",
      reportNumber   = "CMS-CR-2014-302",
      SLACcitation   = "%%CITATION = ARXIV:1410.3762;%%"
}

@article{1742-6596-651-1-012023,
  author={Vasiliki A Mitsou},
  title={Overview of searches for dark matter at the LHC},
  journal={Journal of Physics: Conference Series},
  volume={651},
  number={1},
  pages={012023},
  year={2015},
}

@inproceedings{Hong:2017avi,
      author         = "Hong, Tae Min",
      title          = "{Dark matter searches at the LHC}",
      booktitle      = "{5th Large Hadron Collider Physics Conference (LHCP 2017)
                        Shanghai, China, May 15-20, 2017}",
      year           = "2017",
      eprint         = "1709.02304",
      archivePrefix  = "arXiv",
      primaryClass   = "hep-ex",
      reportNumber   = "ATL-PHYS-PROC-2017-100",
      SLACcitation   = "%%CITATION = ARXIV:1709.02304;%%"
}

@article{1922ApJ....55..302K,
       author = {{Kapteyn}, J.~C.},
        title = "{First Attempt at a Theory of the Arrangement and Motion of the Sidereal System}",
      journal = {The Astrophysical Journal},
         year = 1922,
        month = may,
       volume = {55},
        pages = {302},
          doi = {10.1086/142670},
       adsurl = {https://ui.adsabs.harvard.edu/abs/1922ApJ....55..302K},
      adsnote = {Provided by the SAO/NASA Astrophysics Data System}
}

@ARTICLE{2005MNRAS.364..433B,
       author = {{Battaglia}, Giuseppina and {Helmi}, Amina and {Morrison}, Heather and
         {Harding}, Paul and {Olszewski}, Edward W. and {Mateo}, Mario and
         {Freeman}, Kenneth C. and {Norris}, John and {Shectman}, Stephen A.},
        title = "{The radial velocity dispersion profile of the Galactic halo: constraining the density profile of the dark halo of the Milky Way}",
      journal = {Mon. Not. R. Astron. Soc.},
     keywords = {Galaxy: halo, Galaxy: kinematics and dynamics, Galaxy: structure, dark matter, Astrophysics},
         year = 2005,
        month = dec,
       volume = {364},
       number = {2},
        pages = {433-442},
          doi = {10.1111/j.1365-2966.2005.09367.x},
archivePrefix = {arXiv},
       eprint = {astro-ph/0506102},
 primaryClass = {astro-ph},
       adsurl = {https://ui.adsabs.harvard.edu/abs/2005MNRAS.364..433B},
      adsnote = {Provided by the SAO/NASA Astrophysics Data System}
}

@ARTICLE{2006MNRAS.370.1055B,
       author = {{Battaglia}, Giuseppina and {Helmi}, Amina and {Morrison}, Heather and
         {Harding}, Paul and {Olszewski}, Edward W. and {Mateo}, Mario and
         {Freeman}, Kenneth C. and {Norris}, John and {Shectman}, Stephen A.},
        title = "{Erratum: The radial velocity dispersion profile of the Galactic halo: constraining the density profile of the dark halo of the Milky Way}",
      journal = {Mon. Not. R. Astron. Soc.},
     keywords = {errata, addenda: Galaxy: halo: Galaxy: kinematics and dynamics: Galaxy: structure: dark matter, addenda, Galaxy: halo, Galaxy: kinematics and dynamics, Galaxy: structure, dark matter},
         year = 2006,
        month = aug,
       volume = {370},
       number = {2},
        pages = {1055-1056},
          doi = {10.1111/j.1365-2966.2006.10688.x},
       adsurl = {https://ui.adsabs.harvard.edu/abs/2006MNRAS.370.1055B},
      adsnote = {Provided by the SAO/NASA Astrophysics Data System}
}

@article{Kafle:2014xfa,
      author         = "Kafle, Prajwal Raj and Sharma, Sanjib and Lewis, Geraint
                        F. and Bland-Hawthorn, Joss",
      title          = "{On the Shoulders of Giants: Properties of the Stellar
                        Halo and the Milky Way Mass Distribution}",
      journal        = "Astrophys. J.",
      volume         = "794",
      year           = "2014",
      number         = "1",
      pages          = "59",
      doi            = "10.1088/0004-637X/794/1/59",
      eprint         = "1408.1787",
      archivePrefix  = "arXiv",
      primaryClass   = "astro-ph.GA",
      SLACcitation   = "%%CITATION = ARXIV:1408.1787;%%"
}

@article{Aghanim:2018eyx,
      author         = "Aghanim, N. and others",
      title          = "{Planck 2018 results. VI. Cosmological parameters}",
      collaboration  = "Planck",
      year           = "2018",
      eprint         = "1807.06209",
      archivePrefix  = "arXiv",
      primaryClass   = "astro-ph.CO",
      SLACcitation   = "%%CITATION = ARXIV:1807.06209;%%"
}

@article{Herzog-Arbeitman:2017fte,
      author         = "Herzog-Arbeitman, Jonah and Lisanti, Mariangela and
                        Madau, Piero and Necib, Lina",
      title          = "{Empirical Determination of Dark Matter Velocities using
                        Metal-Poor Stars}",
      journal        = "Phys. Rev. Lett.",
      volume         = "120",
      year           = "2018",
      number         = "4",
      pages          = "041102",
      doi            = "10.1103/PhysRevLett.120.041102",
      eprint         = "1704.04499",
      archivePrefix  = "arXiv",
      primaryClass   = "astro-ph.GA",
      SLACcitation   = "%%CITATION = ARXIV:1704.04499;%%"
}

@article{Bhattacharjee:2012xm,
      author         = "Bhattacharjee, Pijushpani and Chaudhury, Soumini and
                        Kundu, Susmita and Majumdar, Subhabrata",
      title          = "{Sizing-up the WIMPs of Milky Way : Deriving the velocity
                        distribution of Galactic Dark Matter particles from the
                        rotation curve data}",
      journal        = "Phys. Rev.",
      volume         = "D87",
      year           = "2013",
      pages          = "083525",
      doi            = "10.1103/PhysRevD.87.083525",
      eprint         = "1210.2328",
      archivePrefix  = "arXiv",
      primaryClass   = "astro-ph.GA",
      SLACcitation   = "%%CITATION = ARXIV:1210.2328;%%"
}

@article{Fields:2019pfx,
      author         = "Fields, Brian D. and Olive, Keith A. and Yeh, Tsung-Han
                        and Young, Charles",
      title          = "{Big-Bang Nucleosynthesis After Planck}",
      journal        = "JCAP",
      volume         = "2003",
      year           = "2020",
      number         = "03",
      pages          = "010",
      doi            = "10.1088/1475-7516/2020/03/010",
      eprint         = "1912.01132",
      archivePrefix  = "arXiv",
      primaryClass   = "astro-ph.CO",
      reportNumber   = "UMN--TH--3902/19, FTPI--MINN--19/25",
      SLACcitation   = "%%CITATION = ARXIV:1912.01132;%%"
}

@article{Akerib:2019fml,
      author         = "Akerib, D. S. and others",
      title          = "{The LUX-ZEPLIN (LZ) Experiment}",
      collaboration  = "LZ",
      journal        = "Nucl. Instrum. Meth.",
      volume         = "A953",
      year           = "2020",
      pages          = "163047",
      doi            = "10.1016/j.nima.2019.163047",
      eprint         = "1910.09124",
      archivePrefix  = "arXiv",
      primaryClass   = "physics.ins-det",
      reportNumber   = "FERMILAB-PUB-19-555-AE-E",
      SLACcitation   = "%%CITATION = ARXIV:1910.09124;%%"
}

@article{Schumann:2019eaa,
      author         = "Schumann, Marc",
      title          = "{Direct Detection of WIMP Dark Matter: Concepts and
                        Status}",
      journal        = "J. Phys.",
      volume         = "G46",
      year           = "2019",
      number         = "10",
      pages          = "103003",
      doi            = "10.1088/1361-6471/ab2ea5",
      eprint         = "1903.03026",
      archivePrefix  = "arXiv",
      primaryClass   = "astro-ph.CO",
      SLACcitation   = "%%CITATION = ARXIV:1903.03026;%%"
}

@article{Conrad:2017pms,
    author         = "Conrad, Jan and Reimer, Olaf",
    title          = "{Indirect dark matter searches in gamma and cosmic rays}",
    journal        = "Nature Phys.",
    volume         = "13",
    year           = "2017",
    number         = "3",
    pages          = "224-231",
    doi            = "10.1038/nphys4049",
    eprint         = "1705.11165",
    archivePrefix  = "arXiv",
    primaryClass   = "astro-ph.HE",
    SLACcitation   = "%%CITATION = ARXIV:1705.11165;%%"
}

@article{Sakuma:2665537,
    author        = "Sakuma, Tai",
    title         = "{Cutaway diagrams of CMS detector}",
    collaboration = "CMS Collaboration",
    month         = "May",
    year          = "2019",
    reportNumber  = "CMS-OUTREACH-2019-001",
    url           = "http://cds.cern.ch/record/2665537",
}

@article{CANEPA2019100033,
	title = "Searches for supersymmetry at the Large Hadron Collider",
	journal = "Reviews in Physics",
	volume = "4",
	pages = "100033",
	year = "2019",
	issn = "2405-4283",
	doi = "https://doi.org/10.1016/j.revip.2019.100033",
	url = "http://www.sciencedirect.com/science/article/pii/S2405428318300091",
	author = "Anadi Canepa",
	keywords = "Supersymmetry, LHC, HL-LHC, CERN, ATLAS, CMS,",
	abstract = "The Standard Model of particles and fields describes the fundamental particles and their interactions to high level of precision. The SM is nevertheless considered to be a low energy effective theory as it leaves many open questions including: What is the origin of the dark matter in the Universe? What is the origin of the matter-antimatter asymmetry in the Universe? What is the origin of mass? Supersymmety is one of the most appealing theories of physics beyond the Standard Model as it can address the SM shortcomings in an elegant framework. This paper reviews the most recent direct searches for supersymmetry developed by the ATLAS and CMS collaborations at the Large Hadron Collider."
}

@article{Khachatryan:2010wx,
    author         = "Khachatryan, Vardan and others",
    title          = "{Search for Microscopic Black Hole Signatures at the Large Hadron Collider}",
    collaboration  = "CMS",
    journal        = "Phys. Lett.",
    volume         = "B697",
    year           = "2011",
    pages          = "434-453",
    doi            = "10.1016/j.physletb.2011.02.032",
    eprint         = "1012.3375",
    archivePrefix  = "arXiv",
    primaryClass   = "hep-ex",
    reportNumber   = "CERN-PH-EP-2010-073, CMS-EXO-10-017",
    SLACcitation   = "%%CITATION = ARXIV:1012.3375;%%"
}

@article{anomalies_b_s_dark_matter,
	author = {Vicente, Avelino},
	year = {2018},
	month = {03},
	pages = {},
	title = {Anomalies in $b \to s$ transitions and dark matter},
	volume = {2018},
	journal = {Advances in High Energy Physics},
	doi = {10.1155/2018/3905848}
}

@article{another_b_s_anomaly_paper,
	Author = {Cerde{\~n}o, D. G. and Cheek, A. and Mart{\'{i}}n-Ramiro, P. and Moreno, J. M.},
	Doi = {10.1140/epjc/s10052-019-6979-x},
	Journal = {The European Physical Journal C},
	Number = {6},
	Pages = {517},
	Title = {B anomalies and dark matter: a complex connection},
	Ty = {JOUR},
	Url = {https://doi.org/10.1140/epjc/s10052-019-6979-x},
	Volume = {79},
	Year = {2019},
}

@book{lhc_design_report,
      author        = "Brüning, Oliver Sim and Collier, Paul and Lebrun, P and
                       Myers, Stephen and Ostojic, Ranko and Poole, John and
                       Proudlock, Paul",
      title         = "{LHC Design Report}",
      publisher     = "CERN",
      address       = "Geneva",
      series        = "CERN Yellow Reports: Monographs",
      year          = "2004",
      url           = "http://cds.cern.ch/record/782076",
      doi           = "10.5170/CERN-2004-003-V-1",
}

@techreport{DellaNegra:290808,
      author        = "Della Negra, M. and Markytan, M. and Neumeister, N. and
                       Porth, P. and Rohringer, H. and Strauss, J. and others",
      title         = "{CMS: letter of intent by the CMS Collaboration for a
                       general purpose detector at LHC}",
      institution   = "CERN",
      collaboration = "CMS Collaboration",
      address       = "Geneva",
      number        = "CERN-LHCC-92-003. LHCC-I-1",
      year          = "1992",
      reportNumber  = "CERN-LHCC-92-003",
      url           = "https://cds.cern.ch/record/290808",
      note          = "Open presentation to the LHCC 5 November 1992, M. Della
                       Negra/CERN, CMS Spokesman",
}

@article{Sirunyan:2018kst,
      author         = "Sirunyan, A. M. and others",
      title          = "{Observation of Higgs boson decay to bottom quarks}",
      collaboration  = "CMS",
      journal        = "Phys. Rev. Lett.",
      volume         = "121",
      year           = "2018",
      number         = "12",
      pages          = "121801",
      doi            = "10.1103/PhysRevLett.121.121801",
      eprint         = "1808.08242",
      archivePrefix  = "arXiv",
      primaryClass   = "hep-ex",
      reportNumber   = "CMS-HIG-18-016, CERN-EP-2018-223",
      SLACcitation   = "%%CITATION = ARXIV:1808.08242;%%"
}

@article{Aaboud:2018zhk,
      author         = "Aaboud, Morad and others",
      title          = "{Observation of $H \rightarrow b\bar{b}$ decays and $VH$
                        production with the ATLAS detector}",
      collaboration  = "ATLAS",
      journal        = "Phys. Lett.",
      volume         = "B786",
      year           = "2018",
      pages          = "59-86",
      doi            = "10.1016/j.physletb.2018.09.013",
      eprint         = "1808.08238",
      archivePrefix  = "arXiv",
      primaryClass   = "hep-ex",
      reportNumber   = "CERN-EP-2018-215",
      SLACcitation   = "%%CITATION = ARXIV:1808.08238;%%"
}

@article{Chatrchyan:2012xdj,
      author         = "Chatrchyan, Serguei and others",
      title          = "{Observation of a New Boson at a Mass of 125 GeV with the
                        CMS Experiment at the LHC}",
      collaboration  = "CMS",
      journal        = "Phys. Lett.",
      volume         = "B716",
      year           = "2012",
      pages          = "30-61",
      doi            = "10.1016/j.physletb.2012.08.021",
      eprint         = "1207.7235",
      archivePrefix  = "arXiv",
      primaryClass   = "hep-ex",
      reportNumber   = "CMS-HIG-12-028, CERN-PH-EP-2012-220",
      SLACcitation   = "%%CITATION = ARXIV:1207.7235;%%"
}

@article{Aad:2012tfa,
      author         = "Aad, Georges and others",
      title          = "{Observation of a new particle in the search for the
                        Standard Model Higgs boson with the ATLAS detector at the
                        LHC}",
      collaboration  = "ATLAS",
      journal        = "Phys. Lett.",
      volume         = "B716",
      year           = "2012",
      pages          = "1-29",
      doi            = "10.1016/j.physletb.2012.08.020",
      eprint         = "1207.7214",
      archivePrefix  = "arXiv",
      primaryClass   = "hep-ex",
      reportNumber   = "CERN-PH-EP-2012-218",
      SLACcitation   = "%%CITATION = ARXIV:1207.7214;%%"
}

@article{Sopczak:2708121,
      author        = "Sopczak, Andre",
      title         = "{Precision Measurements in the Higgs Sector at ATLAS and
                       CMS}",
      journal       = "PoS",
      collaboration = "ATLAS Collaboration, CMS Collaboration",
      number        = "arXiv:2001.05927",
      volume        = "FFK2019",
      pages         = "006. 9 p",
      month         = "Jan",
      year          = "2020",
      reportNumber  = "arXiv:2001.05927",
      url           = "https://cds.cern.ch/record/2708121",
      note          = "8 pages, 2 figures, contribution to the International
                       Conference on
  Precision Physics and Fundamental Physical
                       Constants - FFK2019, 9-14 June,
  2019, Tihany, Hungary",
      doi           = "10.22323/1.353.0006",
}

@article{Djouadi:2012zc,
      author         = "Djouadi, Abdelhak and Falkowski, Adam and Mambrini, Yann
                        and Quevillon, Jeremie",
      title          = "{Direct Detection of Higgs-Portal Dark Matter at the
                        LHC}",
      journal        = "Eur. Phys. J.",
      volume         = "C73",
      year           = "2013",
      number         = "6",
      pages          = "2455",
      doi            = "10.1140/epjc/s10052-013-2455-1",
      eprint         = "1205.3169",
      archivePrefix  = "arXiv",
      primaryClass   = "hep-ph",
      reportNumber   = "LPT-ORSAY-12-42",
      SLACcitation   = "%%CITATION = ARXIV:1205.3169;%%"
}

@article{KAKIZAKI201544,
title = "Phenomenological constraints on light mixed sneutrino dark matter scenarios",
journal = "Physics Letters B",
volume = "749",
pages = "44 - 49",
year = "2015",
issn = "0370-2693",
doi = "https://doi.org/10.1016/j.physletb.2015.07.030",
url = "http://www.sciencedirect.com/science/article/pii/S0370269315005407",
author = "Mitsuru Kakizaki and Eun-Kyung Park and Jae-hyeon Park and Akiteru Santa",
}

@article{higgs_portal_singlet_dm,
	Author = {Athron, Peter and Bal{\'{a}}zs, Csaba and Beniwal, Ankit and Bloor, Sanjay and Camargo-Molina, Jos{\'{e}}Eliel and Cornell, Jonathan M. and Farmer, Ben and Fowlie, Andrew and E. Gonzalo, Tom{\'{a}}s and Kahlhoefer, Felix and Kvellestad, Anders and Martinez, Gregory D. and Scott, Pat and Vincent, Aaron C. and Wild, Sebastian and White, Martin and Williams, Anthony G. and The GAMBIT Collaboration:},
	Doi = {10.1140/epjc/s10052-018-6513-6},
	Id = {Athron2019},
	Isbn = {1434-6052},
	Journal = {The European Physical Journal C},
	Number = {1},
	Pages = {38},
	Title = {Global analyses of Higgs portal singlet dark matter models using GAMBIT},
	Volume = {79},
	Year = {2019},
}

@article{Arcadi:2019lka,
      author         = "Arcadi, Giorgio and Djouadi, Abdelhak and Raidal, Martti",
      title          = "{Dark Matter through the Higgs portal}",
      journal        = "Phys. Rept.",
      volume         = "842",
      year           = "2020",
      pages          = "1-180",
      doi            = "10.1016/j.physrep.2019.11.003",
      eprint         = "1903.03616",
      archivePrefix  = "arXiv",
      primaryClass   = "hep-ph",
      reportNumber   = "LAPTH-010/19",
      SLACcitation   = "%%CITATION = ARXIV:1903.03616;%%"
}

@online{cern_accelerator_complex_page,
    Author = {STFC (UKRI)},
    Title = {CERN Accelerator Complex},
    note = {\url{https://stfc.ukri.org/research/particle-physics-and-particle-astrophysics/large-hadron-collider/cern-accelerator-complex/}. Accessed 2020-03-22.},
}

@article{Herr:941318,
      author        = "Herr, Werner and Muratori, B",
      title         = "{Concept of luminosity}",
      year          = "2006",
      url           = "https://cds.cern.ch/record/941318",
      doi           = "10.5170/CERN-2006-002.361",
}

@article{PhysRevLett.13.321,
  title = {Broken Symmetry and the Mass of Gauge Vector Mesons},
  author = {Englert, F. and Brout, R.},
  journal = {Phys. Rev. Lett.},
  volume = {13},
  issue = {9},
  pages = {321--323},
  year = {1964},
  month = {Aug},
  publisher = {American Physical Society},
  doi = {10.1103/PhysRevLett.13.321},
  url = {https://link.aps.org/doi/10.1103/PhysRevLett.13.321}
}

@article{PhysRevLett.13.508,
  title = {Broken Symmetries and the Masses of Gauge Bosons},
  author = {Higgs, Peter W.},
  journal = {Phys. Rev. Lett.},
  volume = {13},
  issue = {16},
  pages = {508--509},
  year = {1964},
  month = {Oct},
  publisher = {American Physical Society},
  doi = {10.1103/PhysRevLett.13.508},
  url = {https://link.aps.org/doi/10.1103/PhysRevLett.13.508}
}

@article{PhysRevLett.13.585,
  title = {Global Conservation Laws and Massless Particles},
  author = {Guralnik, G. S. and Hagen, C. R. and Kibble, T. W. B.},
  journal = {Phys. Rev. Lett.},
  volume = {13},
  issue = {20},
  pages = {585--587},
  year = {1964},
  month = {Nov},
  publisher = {American Physical Society},
  doi = {10.1103/PhysRevLett.13.585},
  url = {https://link.aps.org/doi/10.1103/PhysRevLett.13.585}
}

@book{bevington2003data,
  title={Data Reduction and Error Analysis for the Physical Sciences},
  author={Bevington, P. and Robinson, D.K.},
  isbn={9780072472271},
  lccn={91027275},
  series={McGraw-Hill Higher Education},
  url={https://books.google.ie/books?id=0poQAQAAIAAJ},
  year={2003},
  publisher={McGraw-Hill Education}
}

@article{Aaij:2018okq,
      author         = "Aaij, Roel and others",
      title          = "{Measurement of the inelastic $pp$ cross-section at a
                        centre-of-mass energy of 13 TeV}",
      collaboration  = "LHCb",
      journal        = "JHEP",
      volume         = "06",
      year           = "2018",
      pages          = "100",
      doi            = "10.1007/JHEP06(2018)100",
      eprint         = "1803.10974",
      archivePrefix  = "arXiv",
      primaryClass   = "hep-ex",
      reportNumber   = "LHCb-PAPER-2018-003, CERN-EP-2018-044,
                        LHCB-PAPER-2018-003",
      SLACcitation   = "%%CITATION = ARXIV:1803.10974;%%"
}

@article{Chatrchyan:2014fea,
      author         = "Chatrchyan, Serguei and others",
      title          = "{Description and performance of track and primary-vertex
                        reconstruction with the CMS tracker}",
      collaboration  = "CMS",
      journal        = "JINST",
      volume         = "9",
      year           = "2014",
      number         = "10",
      pages          = "P10009",
      doi            = "10.1088/1748-0221/9/10/P10009",
      eprint         = "1405.6569",
      archivePrefix  = "arXiv",
      primaryClass   = "physics.ins-det",
      reportNumber   = "CMS-TRK-11-001, CERN-PH-EP-2014-070",
      SLACcitation   = "%%CITATION = ARXIV:1405.6569;%%"
}

@article{Aaboud:2017all,
      author         = "Aaboud, M. and others",
      title          = "{Performance of the ATLAS Track Reconstruction Algorithms
                        in Dense Environments in LHC Run 2}",
      collaboration  = "ATLAS",
      journal        = "Eur. Phys. J.",
      volume         = "C77",
      year           = "2017",
      number         = "10",
      pages          = "673",
      doi            = "10.1140/epjc/s10052-017-5225-7",
      eprint         = "1704.07983",
      archivePrefix  = "arXiv",
      primaryClass   = "hep-ex",
      reportNumber   = "CERN-EP-2017-045",
      SLACcitation   = "%%CITATION = ARXIV:1704.07983;%%"
}

@book{Apollinari:2284929,
      author        = "Apollinari, G. and Béjar Alonso, I. and Brüning, O. and
                       Fessia, P. and Lamont, M. and Rossi, L. and Tavian, L.",
      title         = "{High-Luminosity Large Hadron Collider (HL-LHC): Technical
                       Design Report V. 0.1}",
      publisher     = "CERN",
      address       = "Geneva",
      series        = "CERN Yellow Reports: Monographs",
      year          = "2017",
      url           = "https://cds.cern.ch/record/2284929",
      doi           = "10.23731/CYRM-2017-004",
}

@article{Benedikt:2112115,
      author        = "Benedikt, Michael and Schulte, Daniel and Zimmermann,
                       Frank",
      title         = "{Optimizing integrated luminosity of future hadron
                       colliders}",
      journal       = "Phys. Rev. Spec. Top. Accel. Beams",
      number        = "CERN-ACC-2015-0166. 10",
      volume        = "18",
      pages         = "101002. 19 p",
      month         = "Oct",
      year          = "2015",
      reportNumber  = "CERN-ACC-2015-0166",
      url           = "https://cds.cern.ch/record/2112115",
      doi           = "10.1103/PhysRevSTAB.18.101002",
}

@article{Apollinari:2017cqg,
      author         = "Apollinari, G. and Brüning, O. and Nakamoto, T. and
                        Rossi, Lucio",
      title          = "{High Luminosity Large Hadron Collider HL-LHC}",
      journal        = "CERN Yellow Rep.",
      year           = "2015",
      number         = "5",
      pages          = "1-19",
      doi            = "10.5170/CERN-2015-005.1",
      eprint         = "1705.08830",
      archivePrefix  = "arXiv",
      primaryClass   = "physics.acc-ph",
      reportNumber   = "FERMILAB-PUB-15-699-TD",
      SLACcitation   = "%%CITATION = ARXIV:1705.08830;%%"
}

@article{cms_dp_end_of_run2,
author = {Mousa, Jehad and Canelli, Florencia and Kilminster, Benjamin and Aarrestad, Thea and Brzhechko, Danyyl and Caminada, Lea and Cosa, Annapaoloa and Burgo, Riccardo and Donato, Silvio and Galloni, Camilla and Hreus, Tomas and Leontsinis, Stefanos and Mikuni, Vinicius and Neutelings, Izaak and Rauco, Giorgia and Robmann, Peter and Salerno, Daniel and Schweiger, Korbinian and Seitz, Claudia and Zucchetta, Alberto},
year = {2019},
month = {01},
pages = {18},
title = {Overview of the CMS Detector Performance at LHC Run 2},
volume = {5},
journal = {Universe}
}

@online{cern_budget_2020,
    Author = {CERN Finance and Administrative Processes Department},
    Title = {2020 Annual Contributions to CERN budget},
    note = {\url{https://fap-dep.web.cern.ch/rpc/2020-annual-contributions-cern-budget}. Accessed 2020-03-30},
}

@article{HASERT1973121,
title = "Search for elastic muon-neutrino electron scattering",
journal = "Physics Letters B",
volume = "46",
number = "1",
pages = "121 - 124",
year = "1973",
issn = "0370-2693",
doi = "https://doi.org/10.1016/0370-2693(73)90494-2",
url = "http://www.sciencedirect.com/science/article/pii/0370269373904942",
author = "F.J. Hasert and others",
}

@article{HASERT1973138,
title = "Observation of neutrino-like interactions without muon or electron in the gargamelle neutrino experiment",
journal = "Physics Letters B",
volume = "46",
number = "1",
pages = "138 - 140",
year = "1973",
issn = "0370-2693",
doi = "https://doi.org/10.1016/0370-2693(73)90499-1",
url = "http://www.sciencedirect.com/science/article/pii/0370269373904991",
author = "F.J. Hasert and others",
}

@article{ARNISON1983103,
title = "Experimental observation of isolated large transverse energy electrons with associated missing energy at s=540 GeV",
journal = "Physics Letters B",
volume = "122",
number = "1",
pages = "103 - 116",
year = "1983",
issn = "0370-2693",
doi = "https://doi.org/10.1016/0370-2693(83)91177-2",
url = "http://www.sciencedirect.com/science/article/pii/0370269383911772",
author = "G. Arnison and others",
}

@article{BANNER1983476,
title = "Observation of single isolated electrons of high transverse momentum in events with missing transverse energy at the CERN pp collider",
journal = "Physics Letters B",
volume = "122",
number = "5",
pages = "476 - 485",
year = "1983",
issn = "0370-2693",
doi = "https://doi.org/10.1016/0370-2693(83)91605-2",
url = "http://www.sciencedirect.com/science/article/pii/0370269383916052",
author = "M. Banner and others",
}

@article{Arnison:1983mk,
      author         = "Arnison, G. and others",
      title          = "{Experimental Observation of Lepton Pairs of Invariant
                        Mass Around 95-GeV/c**2 at the CERN SPS Collider}",
      booktitle      = "{30 years of weak neutral currents}",
      collaboration  = "UA1",
      journal        = "Phys. Lett.",
      volume         = "126B",
      year           = "1983",
      pages          = "398-410",
      doi            = "10.1016/0370-2693(83)90188-0",
      reportNumber   = "CERN-EP-83-73",
      SLACcitation   = "%%CITATION = PHLTA,126B,398;%%"
}

@article{Bagnaia:1983zx,
      author         = "Bagnaia, P. and others",
      title          = "{Evidence for Z0 ---> e+ e- at the CERN anti-p p
                        Collider}",
      collaboration  = "UA2",
      journal        = "Phys. Lett.",
      volume         = "129B",
      year           = "1983",
      pages          = "130-140",
      doi            = "10.1016/0370-2693(83)90744-X",
      reportNumber   = "CERN-EP-83-112",
      SLACcitation   = "%%CITATION = PHLTA,129B,130;%%"
}

@article{Trentadue:200667,
      author        = "Trentadue, L G and Barbiellini, Guido and Berdugo, X and
                       Bonvicini, G and Colas, P and Mirabito, L and Dionisi, C
                       and Karlen, D A and Linde, Frank L and Luci, C and Maña, C
                       and Matteuzzi, C and Nicrosini, O and Ragazzon, R and
                       Schaile, A D and Scuri, F",
      title         = "{Neutrino counting}",
      number        = "CERN-TH-5528-89",
      pages         = "42 p",
      month         = "Sep",
      year          = "1989",
      url           = "https://cds.cern.ch/record/200667",
      doi           = "10.5170/CERN-1989-008-V-1.129",
}

@article{Fanti_1999,
   title={A new measurement of direct CP violation in two pion decays of the neutral kaon},
   volume={465},
   ISSN={0370-2693},
   url={http://dx.doi.org/10.1016/S0370-2693(99)01030-8},
   DOI={10.1016/s0370-2693(99)01030-8},
   number={1-4},
   journal={Physics Letters B},
   publisher={Elsevier BV},
   author={Fanti, V. and Lai, A. and Marras, D. and Musa, L. and Bevan, A.J. and Gershon, T.J. and Hay, B. and Moore, R.W. and Moore, K.N. and Munday, D.J. and et al.},
   year={1999},
   month={Oct},
   pages={335–348}
}

@book{Bayatyan:706847,
      author        = "Bayatyan, G L and others",
      title         = "{CMS TriDAS project: Technical Design Report, Volume 1: The Trigger Systems}",
      collaboration = "CMS Collaboration",
      series        = "Technical Design Report CMS",
      reportNumber  = "CERN-LHCC-2000-038",
      url           = "https://cds.cern.ch/record/706847",
}

@book{Cittolin:578006,
      author        = "Cittolin, Sergio and Rácz, Attila and Sphicas, Paris",
      title         = "{CMS The TriDAS Project: Technical Design Report, Volume
                       2: Data Acquisition and High-Level Trigger. CMS trigger and
                       data-acquisition project}",
      publisher     = "CERN",
      collaboration = "CMS Collaboration",
      address       = "Geneva",
      series        = "Technical Design Report CMS",
      year          = "2002",
      reportNumber  = "CERN-LHCC-2002-026",
      url           = "https://cds.cern.ch/record/578006",
}

@book{Bayatyan:838359,
      author        = "Bayatyan, G L and Della Negra, Michel and Foà, and
                       Hervé, A and Petrilli, Achille",
      title         = "{CMS computing: Technical Design Report}",
      publisher     = "CERN",
      collaboration = "CMS Collaboration",
      address       = "Geneva",
      series        = "Technical Design Report CMS",
      year          = "2005",
      reportNumber  = "CERN-LHCC-2005-023",
      url           = "https://cds.cern.ch/record/838359",
      note          = "Submitted on 31 May 2005",
}
